@inproceedings{DBLP:conf/acl/SunGLXC15,
  author    = {Fei Sun and
               Jiafeng Guo and
               Yanyan Lan and
               Jun Xu and
               Xueqi Cheng},
  title     = {Learning Word Representations by Jointly Modeling Syntagmatic and
               Paradigmatic Relations},
  booktitle = {Proceedings of the 53rd Annual Meeting of the Association for Computational
               Linguistics and the 7th International Joint Conference on Natural
               Language Processing of the Asian Federation of Natural Language Processing,
               {ACL} 2015, July 26-31, 2015, Beijing, China, Volume 1: Long Papers},
  pages     = {136--145},
  year      = {2015},
}


@inproceedings{DBLP:conf/icml/MnihT12,
  author    = {Andriy Mnih and
               Yee Whye Teh},
  title     = {A fast and simple algorithm for training neural probabilistic language
               models},
  booktitle = {Proceedings of the 29th International Conference on Machine Learning,
               {ICML} 2012, Edinburgh, Scotland, UK, June 26 - July 1, 2012},
}



@inproceedings{DBLP:conf/eacl/LebretC14,
  author    = {R{\'{e}}mi Lebret and
               Ronan Collobert},
  title     = {Word Embeddings through Hellinger {PCA}},
  booktitle = {Proceedings of the 14th Conference of the European Chapter of the Association for Computational Linguistics, {EACL}},
  pages     = {482--490},
  year      = {2014},
}






@inproceedings{DBLP:conf/nips/LevyG14,
  author    = {Omer Levy and
               Yoav Goldberg},
  title     = {Neural Word Embedding as Implicit Matrix Factorization},
  booktitle = {Advances in Neural Information Processing Systems 27: Annual Conference
               on Neural Information Processing Systems 2014, December 8-13 2014,
               Montreal, Quebec, Canada},
  pages     = {2177--2185},
  year      = {2014},
}


@article{Bullinaria2012ExtractingSR,
  title={Extracting semantic representations from word co-occurrence statistics: stop-lists, stemming, and SVD.},
  author={John A. Bullinaria and Joseph P. Levy},
  journal={Behavior research methods},
  year={2012},
  volume={44 3},
  pages={890-907}
}


@ARTICLE{Rohde06animproved,
  author = {Douglas L. T. Rohde and Laura M. Gonnerman and David C. Plaut},
  title = {An improved model of semantic similarity based on lexical co-occurence },
  journal = {COMMUNICATIONS OF THE ACM},
  year = {2006},
  volume = {8},
  pages = {627--633}
}



@inproceedings{lund95,
  author = {Lund, Kevin and Burgess, Curt and Atchley, Ruth Ann},
  booktitle = {Proceedings of the 17th Annual Conference of the Cognitive Science Society},
  key = {Lund et al.},
  pages = {660--665},
  title = {Semantic and associative priming in high-dimensional semantic space},
  year = 1995
}


@inproceedings{DBLP:conf/eacl/Picard99,
  author    = {Justin Picard},
  title     = {Finding content-bearing terms using term similarities},
  booktitle = {{EACL} 1999, 9th Conference of the European Chapter of the Association
               for Computational Linguistics, June 8-12, 1999, University of Bergen,
               Bergen, Norway},
  pages     = {241--244},
  year      = {1999},
}


@article{doi:10.1080/01690969108406936,
  author = { George A.   Miller  and  Walter G.   Charles },
  title = {Contextual correlates of semantic similarity},
  journal = {Language and Cognitive Processes},
  volume = {6},
  number = {1},
  pages = {1-28},
  year  = {1991},
  publisher = {Routledge},
}



@article{DBLP:journals/cacm/RubensteinG65,
  author    = {Herbert Rubenstein and
               John B. Goodenough},
  title     = {Contextual correlates of synonymy},
  journal   = {Commun. {ACM}},
  volume    = {8},
  number    = {10},
  pages     = {627--633},
  year      = {1965},
}


@article{lee99,
  author = {Lee, Daniel D. and Seung, H. Sebastian},
  journal = {Nature},
  key = {Lee and Seung},
  pages = {788--791},
  title = {Learning the parts of objects by nonnegative matrix factorization},
  volume = 401,
  year = 1999
}







@article{DBLP:journals/jasis/DeerwesterDLFH90,
  author    = {Scott C. Deerwester and
               Susan T. Dumais and
               Thomas K. Landauer and
               George W. Furnas and
               Richard A. Harshman},
  title     = {Indexing by Latent Semantic Analysis},
  journal   = {{JASIS}},
  volume    = {41},
  number    = {6},
  pages     = {391--407},
  year      = {1990},
}


@inproceedings{DBLP:conf/icml/SocherLNM11,
  author    = {Richard Socher and
               Cliff Chiung{-}Yu Lin and
               Andrew Y. Ng and
               Christopher D. Manning},
  title     = {Parsing Natural Scenes and Natural Language with Recursive Neural
               Networks},
  booktitle = {Proceedings of the 28th International Conference on Machine Learning,
               {ICML} 2011},
  pages     = {129--136},
  year      = {2011},
}


@inproceedings{DBLP:conf/sigir/TellexKLFM03,
  author    = {Stefanie Tellex and
               Boris Katz and
               Jimmy J. Lin and
               Aaron Fernandes and
               Gregory Marton},
  title     = {Quantitative evaluation of passage retrieval algorithms for question
               answering},
  booktitle = {{SIGIR} 2003: Proceedings of the 26th Annual International {ACM} {SIGIR}
               Conference on Research and Development in Information Retrieval},
  pages     = {41--47},
  year      = {2003},
}







@inproceedings{DBLP:conf/icml/CollobertW08,
  author    = {Ronan Collobert and
               Jason Weston},
  title     = {A unified architecture for natural language processing: deep neural networks with multitask learning},
  booktitle = {Machine Learning, Proceedings of the Twenty-Fifth International Conference {(ICML} 2008)},
  pages     = {160--167},
  year      = {2008},
}



@article{DBLP:journals/jmlr/CollobertWBKKK11,
  author    = {Ronan Collobert and
               Jason Weston and
               L{\'{e}}on Bottou and
               Michael Karlen and
               Koray Kavukcuoglu and
               Pavel P. Kuksa},
  title     = {Natural Language Processing (Almost) from Scratch},
  journal   = {Journal of Machine Learning Research},
  volume    = {12},
  pages     = {2493--2537},
  year      = {2011},
}



@book{DBLP:books/daglib/0021593,
  author    = {Christopher D. Manning and
               Prabhakar Raghavan and
               Hinrich Sch{\"{u}}tze},
  title     = {Introduction to information retrieval},
  publisher = {Cambridge University Press},
  year      = {2008},
}







@inbook{40d5d7fd62cb44ba934a8a75d4b2b076,
  title = "Scaling learning algorithms towards AI",
  author = "Yoshua Bengio and Yann Lecun",
  year = "2007",
  language = "English (US)",
  editor = "L. Bottou and O. Chapelle and D. DeCoste and J. Weston",
  booktitle = "Large-scale kernel machines",
  publisher = "MIT Press",

}






@inproceedings{DBLP:conf/naacl/ZhilaYMZM13,
  author    = {Alisa Zhila and
               Wen{-}tau Yih and
               Christopher Meek and
               Geoffrey Zweig and
               Tomas Mikolov},
  title     = {Combining Heterogeneous Models for Measuring Relational Similarity},
  booktitle = {{HLT-NAACL}},
  pages     = {1000--1009},
  publisher = {The Association for Computational Linguistics},
  year      = {2013}
}


@article{DBLP:journals/corr/abs-1301-3781,
  author    = {Tomas Mikolov and
               Kai Chen and
               Greg Corrado and
               Jeffrey Dean},
  title     = {Efficient Estimation of Word Representations in Vector Space},
  journal   = {CoRR},
  volume    = {abs/1301.3781},
  year      = {2013},
}



@InProceedings{pmlr-v22-bordes12,
  title = 	 {Joint Learning of Words and Meaning Representations for Open-Text Semantic Parsing},
  author = 	 {Antoine Bordes and Xavier Glorot and Jason Weston and Yoshua Bengio},
  booktitle = 	 {Proceedings of the Fifteenth International Conference on Artificial Intelligence and Statistics},
  pages = 	 {127--135},
  year = 	 {2012},
  editor = 	 {Neil D. Lawrence and Mark Girolami},
  volume = 	 {22},
  publisher = 	 {PMLR},
}



@INPROCEEDINGS{5947611,
  author={T. Mikolov and S. Kombrink and L. Burget and J. Černocký and S. Khudanpur},
  booktitle={2011 IEEE International Conference on Acoustics, Speech and Signal Processing (ICASSP)},
  title={Extensions of recurrent neural network language model},
  year={2011},
  volume={},
  number={},
  pages={5528-5531},
}




@inproceedings{DBLP:conf/interspeech/MikolovKBCK10,
  author    = {Tomas Mikolov and
               Martin Karafi{\'{a}}t and
               Luk{\'{a}}s Burget and
               Jan Cernock{\'{y}} and
               Sanjeev Khudanpur},
  title     = {Recurrent neural network based language model},
  booktitle = {{INTERSPEECH} 2010, 11th Annual Conference of the International Speech Communication Association 2010},
  pages     = {1045--1048},
  year      = {2010},
}



@incollection{NIPS2013_5021,
  title = {Distributed Representations of Words and Phrases and their Compositionality},
  author = {Mikolov, Tomas and Sutskever, Ilya and Chen, Kai and Corrado, Greg S and Dean, Jeff},
  booktitle = {Advances in Neural Information Processing Systems 26},
  editor = {C. J. C. Burges and L. Bottou and M. Welling and Z. Ghahramani and K. Q. Weinberger},
  pages = {3111--3119},
  year = {2013},
  publisher = {Curran Associates, Inc.},
}



@INPROCEEDINGS{4960686,
  author={T. Mikolov and J. Kopecky and L. Burget and O. Glembek and J. ?Cernocky},
  booktitle={2009 IEEE International Conference on Acoustics, Speech and Signal Processing},
  title={Neural network based language models for highly inflective languages},
  year={2009},
  volume={},
  number={},
  pages={4725-4728},
}




@inproceedings{DBLP:conf/nips/DeanCMCDLMRSTYN12,
  author    = {Jeffrey Dean and
               Greg Corrado and
               Rajat Monga and
               Kai Chen and
               Matthieu Devin and
               Quoc V. Le and
               Mark Z. Mao and
               Marc'Aurelio Ranzato and
               Andrew W. Senior and
               Paul A. Tucker and
               Ke Yang and
               Andrew Y. Ng},
  title     = {Large Scale Distributed Deep Networks},
  booktitle = {Advances in Neural Information Processing Systems 25: 26th Annual
               Conference on Neural Information Processing Systems 2012. Proceedings
               of a meeting held December 3-6, 2012, Lake Tahoe, Nevada, United States.},
  pages     = {1232--1240},
  year      = {2012},
}


@article{DBLP:journals/jmlr/DuchiHS11,
  author    = {John C. Duchi and
               Elad Hazan and
               Yoram Singer},
  title     = {Adaptive Subgradient Methods for Online Learning and Stochastic Optimization},
  journal   = {Journal of Machine Learning Research},
  volume    = {12},
  pages     = {2121--2159},
  year      = {2011},
}


@inproceedings{DBLP:conf/asru/MikolovDPBC11,
  author    = {Tomas Mikolov and
               Anoop Deoras and
               Daniel Povey and
               Luk{\'{a}}s Burget and
               Jan Cernock{\'{y}}},
  title     = {Strategies for training large scale neural network language models},
  booktitle = {2011 {IEEE} Workshop on Automatic Speech Recognition {\&} Understanding,
               {ASRU} 2011, Waikoloa, HI, USA, December 11-15, 2011},
  pages     = {196--201},
  year      = {2011},
}





@incollection{Rumelhart:1988:LRB:65669.104451,
  author = {Rumelhart, David E. and Hinton, Geoffrey E. and Williams, Ronald J.},
  chapter = {Learning Representations by Back-propagating Errors},
  title = {Neurocomputing: Foundations of Research},
  editor = {Anderson, James A. and Rosenfeld, Edward},
  year = {1988},
  pages = {696--699},
  publisher = {MIT Press},
}


@incollection{Rumelhart:1986:LIR:104279.104293,
  author = {Rumelhart, D. E. and Hinton, G. E. and Williams, R. J.},
  title = {Parallel Distributed Processing: Explorations in the Microstructure of Cognition, Vol. 1},
  editor = {Rumelhart, David E. and McClelland, James L. and PDP Research Group, CORPORATE},
  year = {1986},
  pages = {318--362},
  publisher = {MIT Press},
}












@inproceedings{DBLP:conf/naacl/MikolovYZ13,
  author    = {Tomas Mikolov and
               Wen{-}tau Yih and
               Geoffrey Zweig},
  title     = {Linguistic Regularities in Continuous Space Word Representations},
  booktitle = {Human Language Technologies: Conference of the North American Chapter
               of the Association of Computational Linguistics, Proceedings, 2013,},
  pages     = {746--751},
  year      = {2013},
}



@inproceedings{hinton:learndistrep,
  author = {Hinton, Geoffrey E.},
  booktitle = {{P}roceedings of the Eighth Annual Conference of the Cognitive Science Society},
  pages = {1--12},
  publisher = {Hillsdale, NJ: Erlbaum},
  title = {Learning Distributed Representations of Concepts},
  year = 1986
}




@article{DBLP:journals/ai/Pollack90,
  author    = {Jordan B. Pollack},
  title     = {Recursive Distributed Representations},
  journal   = {Artif. Intell.},
  volume    = {46},
  number    = {1-2},
  pages     = {77--105},
  year      = {1990}
}


@article{DBLP:journals/ml/Elman91,
  author    = {Jeffrey L. Elman},
  title     = {Distributed Representations, Simple Recurrent Networks, and Grammatical Structure},
  journal   = {Machine Learning},
  volume    = {7},
  pages     = {195--225},
  year      = {1991}
}



@article{DBLP:journals/topics/HintonS11,
  author    = {Geoffrey E. Hinton and
               Ruslan Salakhutdinov},
  title     = {Discovering Binary Codes for Documents by Learning Deep Generative Models},
  journal   = {topiCS},
  volume    = {3},
  number    = {1},
  pages     = {74--91},
  year      = {2011}
}






@Article{HinSal06,
  author =	"Geoffrey Hinton and Ruslan Salakhutdinov",
  title =	"Reducing the Dimensionality of Data with Neural Networks",
  journal =	"Science",
  volume =	"313",
  number =      "5786",
  pages =       "504 - 507",
  year = 	"2006",
}






@inproceedings{DBLP:conf/semeval/JurgensMTH12,
  author    = {David Jurgens and
               Saif Mohammad and
               Peter D. Turney and
               Keith J. Holyoak},
  title     = {SemEval-2012 Task 2: Measuring Degrees of Relational Similarity},
  booktitle = {Proceedings of the 6th International Workshop on Semantic Evaluation,
               SemEval@NAACL-HLT 2012, Montr{\'{e}}al, Canada, June 7-8, 2012},
  pages     = {356--364},
  year      = {2012},
}




@inproceedings{DBLP:conf/icassp/LeOAGY11,
  author    = {Hai Son Le and
               Ilya Oparin and
               Alexandre Allauzen and
               Jean{-}Luc Gauvain and
               Fran{\c{c}}ois Yvon},
  title     = {Structured Output Layer neural network language model},
  booktitle = {{ICASSP}},
  pages     = {5524--5527},
  publisher = {{IEEE}},
  year      = {2011}
}








@inproceedings{DBLP:conf/nips/MnihH08,
  author    = {Andriy Mnih and
               Geoffrey E. Hinton},
  title     = {A Scalable Hierarchical Distributed Language Model},
  booktitle = {{NIPS}},
  pages     = {1081--1088},
  publisher = {Curran Associates, Inc.},
  year      = {2008}
}



@inproceedings{DBLP:conf/semeval/RinkH12,
  author    = {Bryan Rink and
               Sanda M. Harabagiu},
  title     = {{UTD:} Determining Relational Similarity Using Lexical Patterns},
  booktitle = {SemEval@NAACL-HLT},
  pages     = {413--418},
  publisher = {The Association for Computer Linguistics},
  year      = {2012}
}




@article{DBLP:journals/csl/Schwenk07,
  author    = {Holger Schwenk},
  title     = {Continuous space language models},
  journal   = {Computer Speech {\&} Language},
  volume    = {21},
  number    = {3},
  pages     = {492--518},
  year      = {2007}
}



@inproceedings{DBLP:conf/acl/TurianRB10,
  author    = {Joseph P. Turian and
               Lev{-}Arie Ratinov and
               Yoshua Bengio},
  title     = {Word Representations: {A} Simple and General Method for Semi-Supervised
               Learning},
  booktitle = {{ACL}},
  pages     = {384--394},
  publisher = {The Association for Computer Linguistics},
  year      = {2010}
}




@article{DBLP:journals/jair/Turney12,
  author    = {Peter D. Turney},
  title     = {Domain and Function: {A} Dual-Space Model of Semantic Relations and Compositions},
  journal   = {J. Artif. Intell. Res.},
  volume    = {44},
  pages     = {533--585},
  year      = {2012}
}








@article{harris54,
  author = {Harris, Zellig},
  journal = {Word},
  key = {Harris},
  number = 23,
  pages = {146--162},
  title = {Distributional structure},
  volume = 10,
  year = 1954
}







@article{Sahlgren2008,
  author = {Sahlgren, Magnus},
  journal = {Italian Journal of Linguistics},
  number = {1},
  pages = {33--54},
  title = {{The distributional hypothesis}},
  volume = {20},
  year = {2008}
}














@inproceedings{pennington2014glove,
  author = {Jeffrey Pennington and Richard Socher and Christopher D. Manning},
  booktitle = {Empirical Methods in Natural Language Processing (EMNLP)},
  title = {GloVe: Global Vectors for Word Representation},
  year = {2014},
  pages = {1532--1543},
}



@InProceedings{baroni-dinu-kruszewski:2014:P14-1,
  author    = {Baroni, Marco  and  Dinu, Georgiana  and  Kruszewski, Germ\'{a}n},
  title     = {Don't count, predict! A systematic comparison of context-counting vs. context-predicting semantic vectors},
  booktitle = {Proceedings of the 52nd Annual Meeting of the Association for Computational Linguistics (Volume 1: Long Papers)},
  month     = {June},
  year      = {2014},
  publisher = {Association for Computational Linguistics},
  pages     = {238--247},
}

@article{Sebastiani:2002:MLA:505282.505283,
  author = {Sebastiani, Fabrizio},
  title = {Machine Learning in Automated Text Categorization},
  journal = {ACM Comput. Surv.},
  volume = {34},
  number = {1},
  year = {2002},
  pages = {1--47},
  publisher = {ACM},
}






@inproceedings{DBLP:conf/naacl/LinADL15,
  author    = {Chu{-}Cheng Lin and
               Waleed Ammar and
               Chris Dyer and
               Lori S. Levin},
  title     = {Unsupervised {POS} Induction with Word Embeddings},
  booktitle = {{HLT-NAACL}},
  pages     = {1311--1316},
  publisher = {The Association for Computational Linguistics},
  year      = {2015}
}



@inproceedings{DBLP:conf/emnlp/LingTAFDBTL15,
  author    = {Wang Ling and
               Yulia Tsvetkov and
               Silvio Amir and
               Ramon Fermandez and
               Chris Dyer and
               Alan W. Black and
               Isabel Trancoso and
               Chu{-}Cheng Lin},
  title     = {Not All Contexts Are Created Equal: Better Word Representations with
               Variable Attention},
  booktitle = {Proceedings of the 2015 Conference on Empirical Methods in Natural
               Language Processing, {EMNLP} 2015, Lisbon, Portugal, September 17-21,
               2015},
  pages     = {1367--1372},
  year      = {2015},
}


@inproceedings{DBLP:conf/emnlp/KongSSBDS14,
  author    = {Lingpeng Kong and
               Nathan Schneider and
               Swabha Swayamdipta and
               Archna Bhatia and
               Chris Dyer and
               Noah A. Smith},
  title     = {A Dependency Parser for Tweets},
  booktitle = {{EMNLP}},
  pages     = {1001--1012},
  publisher = {{ACL}},
  year      = {2014}
}




@article{DBLP:journals/corr/BahdanauCB14,
  author    = {Dzmitry Bahdanau and
               Kyunghyun Cho and
               Yoshua Bengio},
  title     = {Neural Machine Translation by Jointly Learning to Align and Translate},
  journal   = {CoRR},
  volume    = {abs/1409.0473},
  year      = {2014}
}


@inproceedings{Ling2015TwoTooSA,
  title={Two/Too Simple Adaptations of Word2Vec for Syntax Problems},
  author={Wang Ling and Chris Dyer and Alan W. Black and Isabel Trancoso},
  booktitle={HLT-NAACL},
  year={2015}
}


@inproceedings{DBLP:conf/acl/BansalGL14,
  author    = {Mohit Bansal and
               Kevin Gimpel and
               Karen Livescu},
  title     = {Tailoring Continuous Word Representations for Dependency Parsing},
  booktitle = {{ACL} {(2)}},
  pages     = {809--815},
  publisher = {The Association for Computer Linguistics},
  year      = {2014}
}



@inproceedings{DBLP:conf/emnlp/ChenM14,
  author    = {Danqi Chen and
               Christopher D. Manning},
  title     = {A Fast and Accurate Dependency Parser using Neural Networks},
  booktitle = {{EMNLP}},
  pages     = {740--750},
  publisher = {{ACL}},
  year      = {2014}
}


@inproceedings{DBLP:conf/acl/DevlinZHLSM14,
  author    = {Jacob Devlin and
               Rabih Zbib and
               Zhongqiang Huang and
               Thomas Lamar and
               Richard M. Schwartz and
               John Makhoul},
  title     = {Fast and Robust Neural Network Joint Models for Statistical Machine Translation},
  booktitle = {{ACL} {(1)}},
  pages     = {1370--1380},
  publisher = {The Association for Computer Linguistics},
  year      = {2014}
}


@article{DBLP:journals/jmlr/ErhanBCMVB10,
  author    = {Dumitru Erhan and
               Yoshua Bengio and
               Aaron C. Courville and
               Pierre{-}Antoine Manzagol and
               Pascal Vincent and
               Samy Bengio},
  title     = {Why Does Unsupervised Pre-training Help Deep Learning?},
  journal   = {Journal of Machine Learning Research},
  volume    = {11},
  pages     = {625--660},
  year      = {2010}
}



@article{DBLP:journals/corr/GoldbergL14,
  author    = {Yoav Goldberg and
               Omer Levy},
  title     = {word2vec Explained: deriving Mikolov et al.'s negative-sampling word-embedding
               method},
  journal   = {CoRR},
  volume    = {abs/1402.3722},
  year      = {2014}
}


@inproceedings{DBLP:conf/emnlp/GuoCWL14,
  author    = {Jiang Guo and
               Wanxiang Che and
               Haifeng Wang and
               Ting Liu},
  title     = {Revisiting Embedding Features for Simple Semi-supervised Learning},
  booktitle = {{EMNLP}},
  pages     = {110--120},
  publisher = {{ACL}},
  year      = {2014}
}


@inproceedings{DBLP:conf/acl/LiuYLZ14,
  author    = {Shujie Liu and
               Nan Yang and
               Mu Li and
               Ming Zhou},
  title     = {A Recursive Recurrent Neural Network for Statistical Machine Translation},
  booktitle = {{ACL} {(1)}},
  pages     = {1491--1500},
  publisher = {The Association for Computer Linguistics},
  year      = {2014}
}



@inproceedings{DBLP:conf/nips/SutskeverVL14,
  author    = {Ilya Sutskever and
               Oriol Vinyals and
               Quoc V. Le},
  title     = {Sequence to Sequence Learning with Neural Networks},
  booktitle = {{NIPS}},
  pages     = {3104--3112},
  year      = {2014}
}



@incollection{NIPS2012_4610,
  title = {A Better Way to Pretrain Deep Boltzmann Machines},
  author = {Hinton, Geoffrey E and Salakhutdinov, Ruslan R},
  booktitle = {Advances in Neural Information Processing Systems 25},
  editor = {F. Pereira and C. J. C. Burges and L. Bottou and K. Q. Weinberger},
  pages = {2447--2455},
  year = {2012},
  publisher = {Curran Associates, Inc.},
}



@inproceedings{DBLP:conf/emnlp/KalchbrennerB13,
  author    = {Nal Kalchbrenner and
               Phil Blunsom},
  title     = {Recurrent Continuous Translation Models},
  booktitle = {{EMNLP}},
  pages     = {1700--1709},
  publisher = {{ACL}},
  year      = {2013}
}











@article{DBLP:journals/tacl/BojanowskiGJM17,
  author    = {Piotr Bojanowski and
               Edouard Grave and
               Armand Joulin and
               Tomas Mikolov},
  title     = {Enriching Word Vectors with Subword Information},
  journal   = {{TACL}},
  volume    = {5},
  pages     = {135--146},
  year      = {2017},
}









@article{DBLP:journals/jmlr/BengioDVJ03,
  author    = {Yoshua Bengio and
               R{\'{e}}jean Ducharme and
               Pascal Vincent and
               Christian Janvin},
  title     = {A Neural Probabilistic Language Model},
  journal   = {Journal of Machine Learning Research},
  volume    = {3},
  pages     = {1137--1155},
  year      = {2003},
}




@inproceedings{DBLP:conf/aistats/MorinB05,
  author    = {Frederic Morin and
               Yoshua Bengio},
  title     = {Hierarchical Probabilistic Neural Network Language Model},
  booktitle = {{AISTATS}},
  publisher = {Society for Artificial Intelligence and Statistics},
  year      = {2005}
}




@Inbook{Bengio2006,
  author="Bengio, Yoshua
  and Schwenk, Holger
  and Sen{\'e}cal, Jean-S{\'e}bastien
  and Morin, Fr{\'e}deric
  and Gauvain, Jean-Luc",
  editor="Holmes, Dawn E.
  and Jain, Lakhmi C.",
  title="Neural Probabilistic Language Models",
  bookTitle="Innovations in Machine Learning: Theory and Applications",
  year="2006",
  publisher="Springer Berlin Heidelberg",
  pages="137--186",
}




@inproceedings{DBLP:conf/emnlp/BrantsPXOD07,
  author    = {Thorsten Brants and
               Ashok C. Popat and
               Peng Xu and
               Franz Josef Och and
               Jeffrey Dean},
  title     = {Large Language Models in Machine Translation},
  booktitle = {EMNLP-CoNLL 2007, Proceedings of the 2007 Joint Conference on Empirical
               Methods in Natural Language Processing and Computational Natural Language
               Learning, June 28-30, 2007, Prague, Czech Republic},
  pages     = {858--867},
  year      = {2007},
}


@proceedings{DBLP:conf/emnlp/2007,
  editor    = {Jason Eisner},
  title     = {EMNLP-CoNLL 2007, Proceedings of the 2007 Joint Conference on Empirical
               Methods in Natural Language Processing and Computational Natural Language
               Learning, June 28-30, 2007, Prague, Czech Republic},
  publisher = {{ACL}},
  year      = {2007},
}





@proceedings{DBLP:conf/nips/2012,
  editor    = {Peter L. Bartlett and
               Fernando C. N. Pereira and
               Christopher J. C. Burges and
               L{\'{e}}on Bottou and
               Kilian Q. Weinberger},
  title     = {Advances in Neural Information Processing Systems 25: 26th Annual
               Conference on Neural Information Processing Systems 2012. Proceedings
               of a meeting held December 3-6, 2012, Lake Tahoe, Nevada, United States},
  year      = {2012},
}

@proceedings{DBLP:conf/semeval/2012,
  editor    = {Eneko Agirre and
               Johan Bos and
               Mona T. Diab},
  title     = {Proceedings of the 6th International Workshop on Semantic Evaluation,
               SemEval@NAACL-HLT 2012, Montr{\'{e}}al, Canada, June 7-8, 2012},
  publisher = {The Association for Computer Linguistics},
  year      = {2012},
}

@proceedings{DBLP:conf/interspeech/2010,
  editor    = {Takao Kobayashi and
               Keikichi Hirose and
               Satoshi Nakamura},
  title     = {{INTERSPEECH} 2010, 11th Annual Conference of the International Speech
               Communication Association, Makuhari, Chiba, Japan, September 26-30,
               2010},
  publisher = {{ISCA}},
  year      = {2010},
}

@proceedings{DBLP:conf/nips/2013,
  editor    = {Christopher J. C. Burges and
               L{\'{e}}on Bottou and
               Zoubin Ghahramani and
               Kilian Q. Weinberger},
  title     = {Advances in Neural Information Processing Systems 26: 27th Annual
               Conference on Neural Information Processing Systems 2013. Proceedings
               of a meeting held December 5-8, 2013, Lake Tahoe, Nevada, United States},
  year      = {2013},
}

@proceedings{DBLP:conf/naacl/2013,
  editor    = {Lucy Vanderwende and
               Hal Daum{\'{e}} III and
               Katrin Kirchhoff},
  title     = {Human Language Technologies: Conference of the North American Chapter
               of the Association of Computational Linguistics, Proceedings, June
               9-14, 2013, Westin Peachtree Plaza Hotel, Atlanta, Georgia, {USA}},
  publisher = {The Association for Computational Linguistics},
  year      = {2013},
}

@proceedings{DBLP:conf/emnlp/2014,
  editor    = {Alessandro Moschitti and
               Bo Pang and
               Walter Daelemans},
  title     = {Proceedings of the 2014 Conference on Empirical Methods in Natural
               Language Processing, {EMNLP} 2014, October 25-29, 2014, Doha, Qatar,
               {A} meeting of SIGDAT, a Special Interest Group of the {ACL}},
  publisher = {{ACL}},
  year      = {2014},
}

@proceedings{DBLP:conf/acl/2010,
  editor    = {Jan Hajic and
               Sandra Carberry and
               Stephen Clark},
  title     = {{ACL} 2010, Proceedings of the 48th Annual Meeting of the Association
               for Computational Linguistics, July 11-16, 2010, Uppsala, Sweden},
  publisher = {The Association for Computer Linguistics},
  year      = {2010},
}

