@inproceedings{DesignRule,
  author={Jones, Harry},
  title={Design Rules for Space Life Support Systems},
  booktitle={International Conference On Environmental Systems},
  publisher={SAE International},
  month={jul},
  year={2003},
  issn={0148-7191},
}

@article{月宫一号,
  author={月宫一号微信公众号},
  title={带您了解北航月宫一号},
  year={2015年},
  month={3月},
}

@article{任务设计书,
  title={任务设计书},
  author={本课课程组},
  year={2018年},
  month={4月},
}

@article{废物处理,
  author={刘佃磊},
  title={“月宫一号”中固体废物的处理和再利用},
  year={2018年},
  month={4月},
}

@article{center2002advanced,
  title={Advanced Life Support Requirements Document},
  author={CENTER, LYNDON B JOHNSON SPACE},
  year={2002}
}

@article{anderson2018life,
  title={Life support baseline values and assumptions document},
  author={Anderson, Molly S and Ewert, Michael K and Keener, John F},
  year={2018}
}

@article{jeor1990,
  author={Mifflin MD and  St Jeor ST and  Hill LA and  Scott BJ and  Daugherty SA and  Koh YO},
  year={1990},
  title={A new predictive equation for resting energy expenditure in healthy individuals},
  journal={The American Journal of Clinical Nutrition},
}
@article{glickman1948total,
  title={The Total Specific Dynamic Action of High-Protein and High-Carbohydrate Diets on Human Subjects1: Two Figures},
  author={Glickman, N and Mitchell, HH and Lambert, EH and Keeton, RW},
  journal={The Journal of nutrition},
  volume={36},
  number={1},
  pages={41--57},
  year={1948},
  publisher={Oxford University Press}
}
@article{cooper2011developing,
  title={Developing the NASA Food System for Long-Duration Missions},
  author={Cooper, Maya and Douglas, Grace and Perchonok, Michele},
  journal={Journal of food science},
  volume={76},
  number={2},
  year={2011},
  publisher={Wiley Online Library}
}
