@article{DBLP:journals/annals/Neumann93,
  author    = {John von Neumann},
  title     = {First draft of a report on the {EDVAC}},
  journal   = {{IEEE} Annals of the History of Computing},
  volume    = {15},
  number    = {4},
  pages     = {27--75},
  year      = {1993},
}


@article{doi:10.1112/plms/s2-42.1.230,
  author = {Turing, A. M.},
  title = {On Computable Numbers, with an Application to the Entscheidungsproblem},
  journal = {Proceedings of the London Mathematical Society},
  volume = {s2-42},
  number = {1},
  pages = {230-265},
  year = {1937},
}


@book{DBLP:books/daglib/0023376,
  author    = {Thomas H. Cormen and
               Charles E. Leiserson and
               Ronald L. Rivest and
               Clifford Stein},
  title     = {Introduction to Algorithms, 3rd Edition},
  publisher = {{MIT} Press},
  year      = {2009},
}


@article{DBLP:journals/jacm/Ladner75,
  author    = {Richard E. Ladner},
  title     = {On the Structure of Polynomial Time Reducibility},
  journal   = {J. {ACM}},
  volume    = {22},
  number    = {1},
  pages     = {155--171},
  year      = {1975},
}


@inproceedings{DBLP:conf/stoc/Cook71,
  author    = {Stephen A. Cook},
  title     = {The Complexity of Theorem-Proving Procedures},
  booktitle = {Proceedings of the 3rd Annual {ACM} Symposium
               on Theory of Computing,
               May 3-5, 1971, Shaker Heights, Ohio, {USA}},
  pages     = {151--158},
  year      = {1971},
}


@article{DBLP:journals/tit/Chomsky56,
  author    = {Noam Chomsky},
  title     = {Three models for the description of language},
  journal   = {{IRE} Trans. Information Theory},
  volume    = {2},
  number    = {3},
  pages     = {113--124},
  year      = {1956},
}

@article{DBLP:journals/iandc/Chomsky59a,
  author    = {Noam Chomsky},
  title     = {On Certain Formal Properties of Grammars},
  journal   = {Information and Control},
  volume    = {2},
  number    = {2},
  pages     = {137--167},
  year      = {1959},
}


@book{DBLP:books/daglib/0011126,
  author    = {John E. Hopcroft and
               Rajeev Motwani and
               Jeffrey D. Ullman},
  title     = {Introduction to automata theory, languages, and computation - international
               edition {(2.} ed)},
  publisher = {Addison-Wesley},
  year      = {2003},
}


@book{DBLP:books/daglib/0086373,
  author    = {Michael Sipser},
  title     = {Introduction to the theory of computation},
  publisher = {{PWS} Publishing Company},
  year      = {1997},
}


@article{DBLP:journals/jsyml/Horn51,
  author    = {Alfred Horn},
  title     = {On Sentences Which are True of Direct Unions of Algebras},
  journal   = {J. Symb. Log.},
  volume    = {16},
  number    = {1},
  pages     = {14--21},
  year      = {1951},
}
