% 冯诺依曼结构
@article{DBLP:journals/annals/Neumann93,
        author    = {John von Neumann},
        title     = {First draft of a report on the {EDVAC}},
        journal   = {{IEEE} Annals of the History of Computing},
        volume    = {15},
        number    = {4},
        pages     = {27--75},
        year      = {1993},
        url       = {https://doi.org/10.1109/85.238389},
        doi       = {10.1109/85.238389},
        timestamp = {Thu, 18 May 2017 09:53:59 +0200},
        biburl    = {https://dblp.org/rec/bib/journals/annals/Neumann93},
        bibsource = {dblp computer science bibliography, https://dblp.org}
}

% 阿兰图灵
@article{doi:10.1112/plms/s2-42.1.230,
        author = {Turing, A. M.},
        title = {On Computable Numbers, with an Application to the Entscheidungsproblem},
        journal = {Proceedings of the London Mathematical Society},
        volume = {s2-42},
        number = {1},
        pages = {230-265},
        year = {1937},
        doi = {10.1112/plms/s2-42.1.230},
        URL = {http://dx.doi.org/10.1112/plms/s2-42.1.230},
        eprint = {/oup/backfile/content_public/journal/plms/s2-42/1/10.1112/plms/s2-42.1.230/2/s2-42-1-230.pdf}
}

% 算法导论
@book{DBLP:books/daglib/0023376,
        author    = {Thomas H. Cormen and
                     Charles E. Leiserson and
                     Ronald L. Rivest and
                     Clifford Stein},
        title     = {Introduction to Algorithms, 3rd Edition},
        publisher = {{MIT} Press},
        year      = {2009},
        url       = {http://mitpress.mit.edu/books/introduction-algorithms},
        isbn      = {978-0-262-03384-8},
        timestamp = {Fri, 12 May 2017 13:30:20 +0200},
        biburl    = {https://dblp.org/rec/bib/books/daglib/0023376},
        bibsource = {dblp computer science bibliography, https://dblp.org}
}

% 证明3-SAT问题是NPC独立提出者
@article{DBLP:journals/jacm/Ladner75,
        author    = {Richard E. Ladner},
        title     = {On the Structure of Polynomial Time Reducibility},
        journal   = {J. {ACM}},
        volume    = {22},
        number    = {1},
        pages     = {155--171},
        year      = {1975},
        url       = {http://doi.acm.org/10.1145/321864.321877},
        doi       = {10.1145/321864.321877},
        timestamp = {Thu, 20 Nov 2003 12:28:14 +0100},
        biburl    = {https://dblp.org/rec/bib/journals/jacm/Ladner75},
        bibsource = {dblp computer science bibliography, https://dblp.org}
}

% 证明3-SAT问题是NPC独立提出者
@inproceedings{DBLP:conf/stoc/Cook71,
        author    = {Stephen A. Cook},
        title     = {The Complexity of Theorem-Proving Procedures},
        booktitle = {Proceedings of the 3rd Annual {ACM} Symposium 
                     on Theory of Computing,
                     May 3-5, 1971, Shaker Heights, Ohio, {USA}},
        pages     = {151--158},
        year      = {1971},
        crossref  = {DBLP:conf/stoc/STOC3},
        url       = {http://doi.acm.org/10.1145/800157.805047},
        doi       = {10.1145/800157.805047},
        timestamp = {Mon, 17 Oct 2011 17:25:06 +0200},
        biburl    = {https://dblp.org/rec/bib/conf/stoc/Cook71},
        bibsource = {dblp computer science bibliography, https://dblp.org}
}

% 乔姆斯基
@article{DBLP:journals/tit/Chomsky56,
        author    = {Noam Chomsky},
        title     = {Three models for the description of language},
        journal   = {{IRE} Trans. Information Theory},
        volume    = {2},
        number    = {3},
        pages     = {113--124},
        year      = {1956},
        url       = {https://doi.org/10.1109/TIT.1956.1056813},
        doi       = {10.1109/TIT.1956.1056813},
        timestamp = {Sun, 28 May 2017 13:18:56 +0200},
        biburl    = {https://dblp.org/rec/bib/journals/tit/Chomsky56},
        bibsource = {dblp computer science bibliography, https://dblp.org}
}

% 如果不够
@article{DBLP:journals/iandc/Chomsky59a,
        author    = {Noam Chomsky},
        title     = {On Certain Formal Properties of Grammars},
        journal   = {Information and Control},
        volume    = {2},
        number    = {2},
        pages     = {137--167},
        year      = {1959},
        url       = {https://doi.org/10.1016/S0019-9958(59)90362-6},
        doi       = {10.1016/S0019-9958(59)90362-6},
        timestamp = {Thu, 18 May 2017 09:54:16 +0200},
        biburl    = {https://dblp.org/rec/bib/journals/iandc/Chomsky59a},
        bibsource = {dblp computer science bibliography, https://dblp.org}
}

% 有限自动机
@book{DBLP:books/daglib/0011126,
        author    = {John E. Hopcroft and
                     Rajeev Motwani and
                     Jeffrey D. Ullman},
        title     = {Introduction to automata theory, languages, and computation - international
                     edition {(2.} ed)},
        publisher = {Addison-Wesley},
        year      = {2003},
        isbn      = {978-0-321-21029-6},
        timestamp = {Thu, 14 Apr 2011 14:43:21 +0200},
        biburl    = {https://dblp.org/rec/bib/books/daglib/0011126},
        bibsource = {dblp computer science bibliography, https://dblp.org}
}

% 计算理论的圣经
@book{DBLP:books/daglib/0086373,
        author    = {Michael Sipser},
        title     = {Introduction to the theory of computation},
        publisher = {{PWS} Publishing Company},
        year      = {1997},
        isbn      = {978-0-534-94728-6},
        timestamp = {Thu, 21 Apr 2011 19:59:45 +0200},
        biburl    = {https://dblp.org/rec/bib/books/daglib/0086373},
        bibsource = {dblp computer science bibliography, https://dblp.org}
}

% Horn子句
@article{DBLP:journals/jsyml/Horn51,
        author    = {Alfred Horn},
        title     = {On Sentences Which are True of Direct Unions of Algebras},
        journal   = {J. Symb. Log.},
        volume    = {16},
        number    = {1},
        pages     = {14--21},
        year      = {1951},
        url       = {https://doi.org/10.2307/2268661},
        doi       = {10.2307/2268661},
        timestamp = {Sun, 28 May 2017 13:21:53 +0200},
        biburl    = {https://dblp.org/rec/bib/journals/jsyml/Horn51},
        bibsource = {dblp computer science bibliography, https://dblp.org}
}
